@inproceedings{SongWP00,
  author    = {Dawn Xiaodong Song and
               David A. Wagner and
               Adrian Perrig},
  title     = {Practical Techniques for Searches on Encrypted Data},
  booktitle = {Proc. of IEEE Symposium on Security and Privacy},
  year      = {2000}
}
@inproceedings{werner2021sok,
  author    = {S. Werner and D. Perez and L. Gudgeon and A. Klages-Mundt and D. Harz and W. Knottenbelt},
  title     = {{SoK}: Decentralized Finance (DeFi)},
  booktitle = {Proceedings of the 3rd ACM Conference on Advances in Financial Technologies (AFT '21)},
  year      = {2021},
  pages     = {1--15},
  doi       = {10.1145/3479722.3480992}
}

@article{xu2021sok,
  author  = {Jiahua Xu and Benjamin Livshits and Arthur Gervais},
  title   = {SoK: Decentralized Finance Security and Privacy},
  journal = {arXiv preprint arXiv:2104.08739},
  year    = {2021},
  url     = {https://arxiv.org/abs/2104.08739}
}

@article{szabo1997smart,
  author  = {Nick Szabo},
  title   = {Formalizing and Securing Relationships on Public Networks},
  journal = {First Monday},
  volume  = {2},
  number  = {9},
  year    = {1997},
  url     = {https://firstmonday.org/ojs/index.php/fm/article/view/548}
}

@misc{buterin2013erc20,
  author       = {Vitalik Buterin},
  title        = {ERC-20 Token Standard},
  year         = {2015},
  howpublished = {\url{https://eips.ethereum.org/EIPS/eip-20}}
}

@misc{entriken2018erc721,
  author       = {William Entriken and Dieter Shirley and Jacob Evans and Nastassia Sachs},
  title        = {ERC-721 Non-Fungible Token Standard},
  year         = {2018},
  howpublished = {\url{https://eips.ethereum.org/EIPS/eip-721}}
}

@misc{wood2014ethereum,
  author       = {Gavin Wood},
  title        = {Ethereum: A Secure Decentralised Generalised Transaction Ledger},
  year         = {2014},
  howpublished = {\url{https://ethereum.github.io/yellowpaper/paper.pdf}}
}
@inproceedings{werner2021sok,
  author    = {Steffen Werner and Daniel Perez and Lewis Gudgeon and Alexander Klages-Mundt and Dominik Harz and William Knottenbelt},
  title     = {Sok: Decentralized finance (DeFi)},
  booktitle = {Proceedings of the 3rd ACM Conference on Advances in Financial Technologies (AFT)},
  year      = {2021},
  pages     = {230--246},
  publisher = {ACM},
  doi       = {10.1145/3479722.3480992}
}

@article{xu2021sok,
  author    = {Jiahua Xu and Benjamin Livshits and Arthur Gervais},
  title     = {SoK: Decentralized Finance Security and Privacy},
  journal   = {arXiv preprint arXiv:2109.14021},
  year      = {2021},
  url       = {https://arxiv.org/abs/2109.14021}
}

@inproceedings{qin2022quantifying,
  author    = {Kaihua Qin and Liyi Zhou and Arthur Gervais},
  title     = {Quantifying Blockchain Extractable Value: How dark is the forest?},
  booktitle = {2022 IEEE Symposium on Security and Privacy (SP)},
  year      = {2022},
  pages     = {198--214},
  publisher = {IEEE},
  doi       = {10.1109/SP46214.2022.9833552}
}

@inproceedings{daian2020flash,
  author    = {Phil Daian and Steven Goldfeder and Tyler Kell and Yunqi Li and Xueyuan Zhao and Iddo Bentov and Lorenz Breidenbach and Ari Juels},
  title     = {Flash Boys 2.0: Frontrunning, Transaction Reordering, and Consensus Instability in Decentralized Exchanges},
  booktitle = {2020 IEEE Symposium on Security and Privacy (SP)},
  year      = {2020},
  pages     = {910--927},
  publisher = {IEEE},
  doi       = {10.1109/SP40000.2020.00050}
}

@inproceedings{angeris2020improved,
  author    = {Guillermo Angeris and Tarun Chitra},
  title     = {Improved Price Oracles: Constant Function Market Makers},
  booktitle = {Proceedings of the 2nd ACM Conference on Advances in Financial Technologies (AFT)},
  year      = {2020},
  pages     = {80--91},
  publisher = {ACM},
  doi       = {10.1145/3419614.3423254}
}

@inproceedings{zhang2020deoracle,
  author    = {Fan Zhang and Ethan Cecchetti and Kyle Croman and Ari Juels and Elaine Shi},
  title     = {Town Crier: An Authenticated Data Feed for Smart Contracts},
  booktitle = {Proceedings of the 2016 ACM SIGSAC Conference on Computer and Communications Security (CCS)},
  year      = {2016},
  pages     = {270--282},
  publisher = {ACM},
  doi       = {10.1145/2976749.2978326}
}

@techreport{wood2014ethereum,
  author      = {Gavin Wood},
  title       = {Ethereum: A Secure Decentralised Generalised Transaction Ledger},
  institution = {Ethereum Project},
  type        = {Yellow Paper},
  year        = {2014},
  url         = {https://ethereum.github.io/yellowpaper/paper.pdf}
}
@inproceedings{xu2022sok,
  author    = {Jiahua Xu and others},
  title     = {{SoK: Decentralized Finance (DeFi)}},
  booktitle = {Proceedings of the 4th ACM Conference on Advances in Financial Technologies},
  year      = {2022},
  url       = {https://dl.acm.org/doi/10.1145/3558535.3559780}
}

@inproceedings{werner2021sok,
  author    = {Samuel Werner and Daniel Perez and Lewis Gudgeon and Michael Slipper and William J. Knottenbelt and Benjamin Livshits},
  title     = {{SoK: Decentralized Finance (DeFi) Security}},
  booktitle = {2021 IEEE European Symposium on Security and Privacy (EuroS\&P)},
  pages     = {1--19},
  year      = {2021},
  url       = {https://arxiv.org/abs/2101.08778}
}

@article{shleifer1997limits,
  author    = {Andrei Shleifer and Robert W. Vishny},
  title     = {The Limits of Arbitrage},
  journal   = {The Journal of Finance},
  volume    = {52},
  number    = {1},
  pages     = {35--55},
  year      = {1997}
}

@inproceedings{angeris2020improved,
  author    = {Guillermo Angeris and Tarun Chitra and others},
  title     = {Improved Price Oracles: Constant Function Market Makers},
  booktitle = {Proceedings of the 2020 ACM SIGSAC Conference on Computer and Communications Security (CCS)},
  pages     = {2195--2211},
  year      = {2020},
  url       = {https://arxiv.org/abs/2003.10001}
}

@inproceedings{qin2022quantifying,
  author    = {Kaihua Qin and Liyi Zhou and Arthur Gervais},
  title     = {Quantifying Blockchain Extractable Value: How dark is the forest?},
  booktitle = {2022 IEEE Symposium on Security and Privacy (SP)},
  pages     = {198--214},
  year      = {2022},
  url       = {https://arxiv.org/abs/2101.05511}
}

@inproceedings{daian2020flash,
  author    = {Philip Daian and Steven Goldfeder and Tyler Kell and Yunqi Li and Xueyuan Zhao and Iddo Bentov and Lorenz Breidenbach and Ari Juels},
  title     = {Flash Boys 2.0: Frontrunning, Transaction Reordering, and Consensus Instability in Decentralized Exchanges},
  booktitle = {2020 IEEE Symposium on Security and Privacy (SP)},
  pages     = {910--927},
  year      = {2020},
  url       = {https://arxiv.org/abs/1904.05234}
}

@article{qin2021attacking,
  author    = {Kaihua Qin and Charles Zhou and Arthur Gervais},
  title     = {Attacking the DeFi Ecosystem with Flash Loans for Fun and Profit},
  journal   = {arXiv preprint arXiv:2003.03810},
  year      = {2021},
  url       = {https://arxiv.org/abs/2003.03810}
}
